@book{witten_data_2005,
	title = {Data {Mining}: {Practical} {Machine} {Learning} {Tools} and {Techniques}, {Second} {Edition}},
	isbn = {9780080477022},
	shorttitle = {Data {Mining}},
	language = {en},
	publisher = {Morgan Kaufmann},
	author = {Witten, Ian H. and Frank, Eibe},
	month = jul,
	year = {2005},
	note = {Google-Books-ID: QTnOcZJzlUoC},
	keywords = {Computers / Databases / General, Computers / Intelligence (AI) \& Semantics}
}

@book{thuraisingham_data_1998,
	title = {Data {Mining}: {Technologies}, {Techniques}, {Tools}, and {Trends}},
	isbn = {978-0-8493-1815-3},
	shorttitle = {Data {Mining}},
	language = {en},
	publisher = {CRC Press},
	author = {Thuraisingham, Bhavani},
	month = dec,
	year = {1998},
	note = {Google-Books-ID: UX9yMMpbLFkC},
	keywords = {Business \& Economics / Information Management, Business \& Economics / Knowledge Capital, Business \& Economics / Statistics, Computers / Databases / Data Mining, Computers / Databases / General, Computers / Networking / General, Mathematics / Probability \& Statistics / General}
}

@book{han_data_2011,
	title = {Data {Mining}: {Concepts} and {Techniques}},
	isbn = {978-0-12-381480-7},
	shorttitle = {Data {Mining}},
	language = {en},
	publisher = {Elsevier},
	author = {Han, Jiawei and Pei, Jian and Kamber, Micheline},
	month = jun,
	year = {2011},
	note = {Google-Books-ID: pQws07tdpjoC},
	keywords = {Computers / Databases / General, Computers / Intelligence (AI) \& Semantics}
}
@book{wang_data_2008,
	title = {Data {Warehousing} and {Mining}: {Concepts}, {Methodologies}, {Tools}, and {Applications}: {Concepts}, {Methodologies}, {Tools}, and {Applications}},
	isbn = {978-1-59904-952-6},
	shorttitle = {Data {Warehousing} and {Mining}},
	language = {en},
	publisher = {IGI Global},
	author = {Wang, John},
	month = may,
	year = {2008},
	note = {Google-Books-ID: 1bpEifVEi2MC},
	keywords = {Computers / General, Technology \& Engineering / Electronics / Digital, Technology \& Engineering / Telecommunications}
}
@book{kononenko_machine_2007,
	title = {Machine {Learning} and {Data} {Mining}},
	isbn = {978-0-85709-944-0},
	language = {en},
	publisher = {Elsevier},
	author = {Kononenko, Igor and Kukar, Matjaz},
	month = apr,
	year = {2007},
	note = {Google-Books-ID: NUikAgAAQBAJ},
	keywords = {Computers / Databases / General, Computers / Intelligence (AI) \& Semantics}
}

@Manual{guia_crisp_dm,
  title = {Guia do IBM SPSS Modeler CRISP-DM},
  year = 2015,
  organization = {IBM},
  url = {ftp://public.dhe.ibm.com/software/analytics/spss/documentation/modeler/17.1/br_po/ModelerCRISPDM.pdf}
}

@Manual{datasheet_icx,
    title = Plataforma ICX,
    year = {2019},
    organization = Chipus Microelectronics
}

@article{ge_song_ding_huang_2017, 
title={Data Mining and Analytics in the Process Industry: The Role of Machine Learning},
volume={5}, 
ISSN={2169-3536}, 
DOI={10.1109/access.2017.2756872}, 
journal={IEEE Access}, 
publisher={IEEE Access}, 
author={Ge, Zhiqiang and Song, Zhihuan and Ding, Steven X. and Huang, Biao}, 
year={2017},
pages={20590–20616}}

@misc{standard_hs,
    title = {Harmonized System Nomenclature, Section XVI, Chapter 85},
    organization = {World Customs Organization},
    year = {2017},
    url = {http://www.wcoomd.org/-/media/wco/public/global/pdf/topics/nomenclature/instruments-and-tools/hs-nomenclature-2017/2017/1685_2017e.pdf?la=en}
}

@misc{standard_ncm,
    title = {Tarifa Externa Comum - Brasil},
    organization = {Secretaria da Fazenda},
    url = {http://www5.sefaz.mt.gov.br/documents/6071037/6401784/Tabela+NCM+-+MDIC+atualizada.pdf/bc780e4b-fd2f-4312-879c-65d5fd1ff49d}
}

@misc{standard_cn,
    title = {Combined Nomenclature},
    organization = {Official Journal of the European Union},
    year = {2021},
    url = {http://www5.sefaz.mt.gov.br/documents/6071037/6401784/Tabela+NCM+-+MDIC+atualizada.pdf/bc780e4b-fd2f-4312-879c-65d5fd1ff49d}
}

@misc{standard_scheduleb,
    title = {Schedule B},
    organization = {US Census Bureau},
    year = {2021},
    url = {https://www.census.gov/foreign-trade/schedules/b/2021/index.html}
}

@article{liaosurvey,
    title = {Clustering of time series data—a survey},
    journal = {Pattern Recognition},
    volume = {38},
    number = {11},
    pages = {1857-1874},
    year = {2005},
    issn = {0031-3203},
    doi = {https://doi.org/10.1016/j.patcog.2005.01.025},
    url = {https://www.sciencedirect.com/science/article/pii/S0031320305001305},
    author = {T. {Warren Liao}},
    keywords = {Time series data, Clustering, Distance measure, Data mining}
}

@article{reviewcluster,
    author = {Aghabozorgi, Saeed and Seyed Shirkhorshidi, Ali and Ying Wah, Teh},
    title = {Time-Series Clustering - A Decade Review},
    year = {2015},
    issue_date = {October 2015},
    publisher = {Elsevier Science Ltd.},
    address = {GBR},
    volume = {53},
    number = {C},
    issn = {0306-4379},
    url = {https://doi.org/10.1016/j.is.2015.04.007},
    doi = {10.1016/j.is.2015.04.007},
    journal = {Inf. Syst.},
    month = oct,
    pages = {16–38},
    numpages = {23},
    keywords = {Evaluation measure, Representations, Clustering, Distance measure, Time-series}
}

@inproceedings{Antunes2001TemporalDM,
    title={Temporal Data Mining: an overview},
    author={C. Antunes and Arlindo L. Oliveira},
    booktitle = {KDD Workshop on Temporal Data Mining},
    year={2001}
}

@article{Rai2010cluster,
	author = {Pradeep Rai and Shubha Singh},
	title = {Article:A Survey of Clustering Techniques},
	journal = {International Journal of Computer Applications},
	year = {2010},
	volume = {7},
	number = {12},
	pages = {1--5},
	month = {October},
	note = {Published By Foundation of Computer Science}
}

@inbook{bezdek_tsao_pal,
    title={Fuzzy Kohonen clustering networks},
    DOI={10.1109/fuzzy.1992.258797}, 
    publisher = {IEEE Press},
    city={New Your},
    year={1992},
    author={Bezdek, J.C. and Tsao, E.C.-K. and Pal, N.R.}
}

@Phdthesis{fuzzySC2002,
    title={Aprendizado não supervisionado em domínios fuzzy – algoritmo fuzzy c-means},
    year={2002},
    school ={Universidade Federal de São Carlos - Centro de Ciências Exatas e de Tecnologia},
    author={Yonamine, F. S. and Specia, L. and Carvalho, V. O. and Nicoletti, M. C},
    city={São Carlos},

}

@article{DUrso2013,
author = {D'Urso, Pierpaolo and Cappelli, Carmela and {Di Lallo}, Dario and Massari, Riccardo},
doi = {https://doi.org/10.1016/j.physa.2013.01.027},
issn = {0378-4371},
journal = {Physica A: Statistical Mechanics and its Applications},
keywords = {Dailies returns of Euro exchange rates,Econophysics,Financial time series,GARCH models,Partitioning around medoids},
number = {9},
pages = {2114--2129},
title = {{Clustering of financial time series}},
url = {https://www.sciencedirect.com/science/article/pii/S0378437113000617},
volume = {392},
year = {2013}
}

